<?xml version="1.0" encoding="UTF-8"?><record xmlns="http://www.loc.gov/MARC21/slim" xmlns:cinclude="http://apache.org/cocoon/include/1.0" xmlns:zs="http://www.loc.gov/zing/srw/">
  <leader>00863nz  a2200205n  4500</leader>
  <controlfield tag="001">no2014144236</controlfield>
  <controlfield tag="003">DLC</controlfield>
  <controlfield tag="005">20141101073505.0</controlfield>
  <controlfield tag="008">141031n| azannaabn          |n aaa     c</controlfield>
  <datafield tag="010" ind1=" " ind2=" ">
    <subfield code="a">no2014144236</subfield>
  </datafield>
  <datafield tag="035" ind1=" " ind2=" ">
    <subfield code="a">(OCoLC)oca10003060</subfield>
  </datafield>
  <datafield tag="040" ind1=" " ind2=" ">
    <subfield code="a">UkCU</subfield>
    <subfield code="b">eng</subfield>
    <subfield code="e">rda</subfield>
    <subfield code="c">UkCU</subfield>
  </datafield>
  <datafield tag="046" ind1=" " ind2=" ">
    <subfield code="s">20</subfield>
  </datafield>
  <datafield tag="100" ind1="1" ind2=" ">
    <subfield code="a">Boonstra, Lee</subfield>
  </datafield>
  <datafield tag="372" ind1=" " ind2=" ">
    <subfield code="a">Training</subfield>
    <subfield code="a">JavaScript (Computer program language)</subfield>
    <subfield code="a">Java (Computer program language)</subfield>
    <subfield code="a">Mobile apps</subfield>
    <subfield code="2">lcsh</subfield>
  </datafield>
  <datafield tag="373" ind1=" " ind2=" ">
    <subfield code="a">Sencha (Firm)</subfield>
  </datafield>
  <datafield tag="374" ind1=" " ind2=" ">
    <subfield code="a">Teachers</subfield>
    <subfield code="a">Computer software developers</subfield>
    <subfield code="2">lcsh</subfield>
  </datafield>
  <datafield tag="375" ind1=" " ind2=" ">
    <subfield code="a">female</subfield>
  </datafield>
  <datafield tag="377" ind1=" " ind2=" ">
    <subfield code="a">eng</subfield>
  </datafield>
  <datafield tag="670" ind1=" " ind2=" ">
    <subfield code="a">Hands-on Sencha Touch 2, July 2014:</subfield>
    <subfield code="b">title page (Lee Boonstra) page 4 of cover (lead technical trainer for Sencha in Europe, focuses on frontend development and teaches Sensa Touch and Ext JS; previously a Java and frontend developer, she has worked for creative agencies on mobile applications)</subfield>
  </datafield>
</record>